<record><leader>00000cas a2200000 a 4500</leader><controlfield tag="001">13210234</controlfield><controlfield tag="008">860228d1888189ucouwr ne      0    0eng d</controlfield><datafield ind1=" " ind2=" " tag="010"><subfield code="a">sn 86063144 </subfield></datafield><datafield ind1=" " ind2=" " tag="040"><subfield code="a">KSH</subfield><subfield code="b">eng</subfield><subfield code="c">KSH</subfield><subfield code="d">NPT</subfield><subfield code="d">CNQ</subfield><subfield code="d">NST</subfield><subfield code="d">OCL</subfield><subfield code="d">OCLCQ</subfield></datafield><datafield ind1=" " ind2=" " tag="012"><subfield code="i">9206</subfield></datafield><datafield ind1=" " ind2=" " tag="042"><subfield code="a">msc</subfield></datafield><datafield ind1="0" ind2="0" tag="245"><subfield code="a">Hinsdale phonograph.</subfield></datafield><datafield ind1=" " ind2=" " tag="260"><subfield code="a">Lake City, Colo. :</subfield><subfield code="b">Walter E. Mendenhall</subfield></datafield><datafield ind1=" " ind2=" " tag="300"><subfield code="a">v.</subfield></datafield><datafield ind1=" " ind2=" " tag="310"><subfield code="a">Weekly</subfield></datafield><datafield ind1="0" ind2=" " tag="362"><subfield code="a">Vol. 1, no. 1 (Oct. 5, 1888)-</subfield></datafield><datafield ind1="1" ind2=" " tag="362"><subfield code="a">Ceased in Mar. 1891.</subfield></datafield><datafield ind1=" " ind2=" " tag="530"><subfield code="a">Available on microfilm from the Colorado Historical Society.</subfield></datafield><datafield ind1=" " ind2=" " tag="752"><subfield code="a">United States</subfield><subfield code="b">Colorado</subfield><subfield code="c">Hinsdale</subfield><subfield code="d">Lake City.</subfield></datafield><datafield ind1="0" ind2="0" tag="785"><subfield code="t">Phonograph (Lake City, Colo.)</subfield><subfield code="w">(DLC)sn 86063164</subfield></datafield><datafield ind1=" " ind2=" " tag="850"><subfield code="a">ICRL</subfield></datafield><datafield ind1="1" ind2=" " tag="029"><subfield code="a">AU@</subfield><subfield code="b">000022167259</subfield></datafield></record>